@book{dankert:tech,
title={Technische Mechanik},
author={Helga Dankert and Jürgen Dankert},
edition = {7. Auflage},
publisher={Springer Vieweg Verlag},
year={2013}
}
@online{rover:assembly,
title={M.A.R.S. Rover Assembly},
author={4tronix},
url={https://4tronix.co.uk/blog/?p=2112},
urldate={2024-11-18}
}
@online{pi:os,
title={Raspberry Pi OS},
author={www.raspberrypi.com},
url={https://www.raspberrypi.com/documentation/computers/os.html#introduction},
urldate={2024-11-19}
}
@online{mqtt:spec,
title={MQTT Version 5.0},
author={Richard Coppen},
url={https://docs.oasis-open.org/mqtt/mqtt/v5.0/mqtt-v5.0.pdf},
urldate={2024-11-19}
}
@online{curiosity:commun,
title={Earth to Mars: How NASA Keeps Curiosity Connected (Mars Report)},
author={Reidar Larsen},
url={https://www.jpl.nasa.gov/videos/earth-to-mars-how-nasa-keeps-curiosity-connected-mars-report/},
urldate={2024-12-07}
}
@online{expressJS:guide,
title={Express},
author={expressjs.com},
url={https://expressjs.com/},
urldate={2024-12-10}
}
@online{react:geek,
title={React Introduction},
author={geeksforgeeks.org},
url={https://www.geeksforgeeks.org/reactjs-introduction/},
urldate={2024-12-11}
}
@online{nasa:camera,
title={Curiosity’s Cameras},
author={Justin Maki, NASA},
url={https://science.nasa.gov/resource/curiositys-cameras/},
urldate={2024-12-11}
}
@online{mongodb:doc_1,
title={Why Use MongoDB and When to Use It?},
author={MongoDB},
url={https://www.mongodb.com/resources/products/fundamentals/why-use-mongodb?},
urldate={2025-13-01}
}
@online{mongodb:iot,
title={MongoDB for Internet of Things (IoT)},
author={MongoDB},
url={https://www.mongodb.com/solutions/use-cases/internet-of-things?},
urldate={2025-13-01}
}

@online{rover.prog:doc,
title={Programming M.A.R.S. Rover on Raspberry Pi Zero (inc v2)},
author={4tronix},
url={https://4tronix.co.uk/blog/?p=2409},
urldate={2025-11-21}
}
@online{mobxterm:main,
title={MobaXterm},
author={mobatek},
url={https://mobaxterm.mobatek.net/},
urldate={2025-11-22}
}